<?xml version="1.0" encoding="UTF-8"?><collection xmlns="http://www.loc.gov/MARC21/slim"><record><leader>00474nam--2200121-i-4500</leader><controlfield tag="001">000025930</controlfield><controlfield tag="002">20161230</controlfield><controlfield tag="005">20161230201036</controlfield><controlfield tag="008">060222s1000------------r-----000-0-eng-d</controlfield><datafield ind1=" " ind2=" " tag="080"><subfield code="a">550.34:624(01)</subfield></datafield><datafield ind1=" " ind2=" " tag="245"><subfield code="a">Institutul de proiectari si cercetari stiintifice pentru constructii si ma teriale de constructii.studiu bibliografic asupra seismologiei..</subfield></datafield><datafield ind1=" " ind2=" " tag="260"><subfield code="a">Bucuresti, Ed.Centrului De Documentare Pentru Constructii, Arhitectura Si Sistematizare, 1959. 143p</subfield></datafield><datafield ind1=" " ind2=" " tag="852"><subfield code="a">48153</subfield></datafield></record></collection>